@book{Ng2019,
author = {Ng, Derrick Wing Kwan and Duong, Trung Q and Zhong, Caijun and Schober, Robert},
isbn = {1119476798},
publisher = {Wiley-IEEE Press},
title = {{Wireless Information and Power Transfer: Theory and Practice}},
year = {2019}
}
@article{Clerckx2019,
  title={Fundamentals of wireless information and power transfer: From RF energy harvester models to signal and
  system designs},
  author={Clerckx, Bruno and Zhang, Rui and Schober, Robert and Ng, Derrick Wing Kwan and Kim, Dong In and Poor, H
  Vincent},
  journal={IEEE Journal on Selected Areas in Communications},
  volume={37},
  number={1},
  pages={4--33},
  year={2018},
  publisher={IEEE}
}
@inproceedings{Trotter2009,
  title={Power-optimized waveforms for improving the range and reliability of RFID systems},
  author={Trotter, Matthew S and Griffin, Joshua D and Durgin, Gregory D},
  booktitle={2009 IEEE International Conference on RFID},
  pages={80--87},
  year={2009},
  organization={IEEE}
}
